
@book{dally_principles_2004,
	title = {Principles and {Practices} of {Interconnection} {Networks}},
	author = {Dally, William James and Towles, Brian},
	year = {2004},
}

@article{luneque_routing_2013,
	title = {Routing for applications in {NoC} using {ACO}-based algorithms},
	volume = {13},
	journal = {Applied Soft Computing},
	author = {Luneque, Silva Junior and Nedjah, Nadja and de Macedo Mourelle, Luzia},
	year = {2013},
	pages = {2224--2231},
}

@article{fang_parrouting_2020,
	title = {{ParRouting}: {An} {Efficient} {Area} {Partition}-{Based} {Congestion}-{Aware} {Routing} {Algorithm} for {NoCs}},
	volume = {11},
	journal = {Micromechanics},
	author = {Fang, Juan and Zhang, Di and Xiaqing, Li},
	year = {2020},
	pages = {1--17},
}

@article{hu_dyad_2004,
	title = {{DyAD}: smart routing for networks-on-chip},
	journal = {DAC},
	author = {Hu, Jingcao and Marculescu, Radu},
	year = {2004},
	pages = {260--263},
}

@article{ma_summary_2024,
	title = {A summary of the routing algorithm
and their optimization,performance},
	journal = {Personal essay for the principles and practices of interconnection network},
	author = {Ma, Xunchi},
	year = {2024},
	pages = {1--9},
}

@article{yu_flexible_2010,
	title = {A {Flexible} and {Parallel} {Simulator} for
Networks-on-{Chip} with {Error} {Control}},
	journal = {IEEE Transactions on Computer-Aided Design of Integrated Circuits and Systems},
	author = {Yu, Qiaoyan and Ampadu, Paul},
	year = {2010},
	pages = {1--13},
}

@misc{unnikrishnan_network_2021,
	title = {Network on {Chip} – an {Overview}},
	url = {https://ignitarium.com/network-on-chip-an-overview/},
	urldate = {2025-09-01},
	journal = {Network on Chip – an Overview},
	author = {Unnikrishnan, Supriya},
	month = nov,
	year = {2021},
}

@misc{arm_amba_nodate,
	title = {{AMBA}},
	url = {https://www.arm.com/architecture/system-architectures/amba},
	author = {ARM},
}

@misc{international_business_machines_corporation_coreconnect_1999,
	title = {The {CoreConnect}™ {Bus} {Architecture}},
	url = {https://www.scarpaz.com/2100-papers/SystemOnChip/ibm_core_connect_whitepaper.pdf},
	urldate = {2025-09-01},
	author = {International Business Machines Corporation},
	year = {1999},
}

@incollection{serpanos_architecture_2011,
	title = {Architecture of {Network} {Systems}},
	booktitle = {Architecture of {Network} {Systems}},
	author = {Serpanos, Dimitrios and Wolf, Tilman},
	year = {2011},
	pages = {239--248},
}

@article{talwar_traffic_2013,
	title = {Traffic engineered {NoC} for streaming applications},
	journal = {Microprocessors and Microsystems},
	author = {Talwar, Basavaraj and Amrutur, Bharadwaj},
	year = {2013},
}

@article{jake_ke_demystifying_2025,
	title = {Demystifying {FPGA} {Hard} {NoC} {Performance}},
	author = {Jake Ke, Sihao Liu and Nowatzki, Tony and Cong, Jason},
	year = {2025},
}

@article{gomez-rodriguez_survey_2021,
	title = {A {Survey} of {Software}-{Defined} {Networks}-on-{Chip}: {Motivations}, {Challenges} and {Opportunities}},
	journal = {Micromachines},
	author = {Gomez-Rodriguez, Jose Ricardo and Sandoval-Arechiga, Remberto and Ibarra-Delgado, Salvador and Rodriguez-Abdala, Viktor Ivan and Vazquez-Avila, Jose Luis and Parra-Michel, Ramon},
	year = {2021},
}

@book{abderazek_multicore_2013,
	edition = {2},
	title = {Multicore {Systems} {On}-{Chip}: {Practical} {Software}/{Hardware} {Design}},
	volume = {7},
	author = {Abderazek, Ben Abdallah},
	year = {2013},
}

@article{lee_low-power_2006,
	title = {Low-power network-on-chip for high performance {SoC} design},
	volume = {March},
	journal = {IEEE Transactions on Very Large Scle Integration (VLSI) Systems},
	author = {Lee, Kangim and Lee, Se‑Joong and Yoo, Hoi‑Jun},
	year = {2006},
}

@article{wang_flexible_2022,
	title = {Flexible and {Efficient} {QoS} {Provisioning} in {AXI4}-{Based} {Network}-on-{Chip} {Archtecture}},
	volume = {41},
	number = {5},
	journal = {IEEE Transactions on Computer-Aided Design of Integrated Circuits and Systems},
	author = {Wang, Boqian and Lu, Zhonghai},
	month = may,
	year = {2022},
	pages = {1523--1536},
}
